<?xml version="1.0" encoding="UTF-8"?><record xmlns="http://www.loc.gov/MARC21/slim" xmlns:cinclude="http://apache.org/cocoon/include/1.0" xmlns:zs="http://www.loc.gov/zing/srw/">
  <leader>00460nz  a2200121n  4500</leader>
  <controlfield tag="001">n 2002065117</controlfield>
  <controlfield tag="003">DLC</controlfield>
  <controlfield tag="005">20020115085826.0</controlfield>
  <controlfield tag="008">020115n| acannaabn          |n aaa      </controlfield>
  <datafield tag="010" ind1=" " ind2=" ">
    <subfield code="a">n 2002065117</subfield>
  </datafield>
  <datafield tag="040" ind1=" " ind2=" ">
    <subfield code="a">DLC</subfield>
    <subfield code="b">eng</subfield>
    <subfield code="c">DLC</subfield>
  </datafield>
  <datafield tag="100" ind1="1" ind2=" ">
    <subfield code="a">Ayers, Lella M.</subfield>
  </datafield>
  <datafield tag="670" ind1=" " ind2=" ">
    <subfield code="a">NUCMC data from Worcester Historical Museum for Marion E. Ayers Green poetry collection, 1896-1965</subfield>
    <subfield code="b">(Lella M. Ayers; European trip diary, 1931; sister of Marion Elizabeth Ayres Green, of Wocester, Mass.)</subfield>
  </datafield>
</record>